<?xml version="1.0" encoding="UTF-8"?><collection xmlns="http://www.loc.gov/MARC21/slim"><record><leader>00417nam--2200133-i-4500</leader><controlfield tag="001">000003176</controlfield><controlfield tag="002">20161230</controlfield><controlfield tag="005">20161230201025</controlfield><controlfield tag="008">060222s1000------------r-----000-0-eng-d</controlfield><datafield ind1=" " ind2=" " tag="100"><subfield code="a">Briegleb, G. S.A</subfield></datafield><datafield ind1=" " ind2=" " tag="245"><subfield code="a">Zwischenmolekulare krafte. herausgegeben von h. friedrich-freksa, b.rajewaky, m.schon</subfield></datafield><datafield ind1=" " ind2=" " tag="260"><subfield code="a">Karlsruhe, Verlag Und Fruck G.Braun, 1949 142 P</subfield></datafield><datafield ind1=" " ind2=" " tag="490"><subfield code="a">Biophs.Arbeitsta-schugung 1948</subfield></datafield><datafield ind1=" " ind2=" " tag="852"><subfield code="a">12678</subfield></datafield></record></collection>